@Misc{IBM_Q,
	title = {{IBM} Quantum },
	year = {2021},
	note = {[Online; accedit en 19/09/2021: \href{https://quantum-computing.ibm.com/}{Enllaç}]},
}

@Misc{LA_OCW_strang,
	author = {Gilbert Strang},
	title = {Linear {Algebra MIT OCW}},
	year = {2011},
	note = {[Online; accedit en 19/09/2021: \href{https://ocw.mit.edu/courses/mathematics/18-06sc-linear-algebra-fall-2011/index.htm}{Enllaç}]},
}

@Misc{LA2_OCW_strang,
	author = {Gilbert Strang},
	title = {Matrix Methods in Data Analysis, Signal Processing, and Machine Learning MIT OCW},
	year = {2018},
	note = {[Online; accedit en 19/09/2021: \href{https://ocw.mit.edu/courses/mathematics/18-065-matrix-methods-in-data-analysis-signal-processing-and-machine-learning-spring-2018/}{Enllaç}]},
}

@Misc{wolfram:2norm,
	author = {Wolfram MathWorld},
	title = {L2-{Norm}},
	year = {2021},
	note = {[Online; accedit en 19/09/2021: \href{https://mathworld.wolfram.com/L2-Norm.html}{Enllaç}]},
}

@Misc{wiki:tensor_product,
	author = {Wikipedia},
	title = {Tensor Product},
	year = {2021},
	note = {[Online; accedit en 19/09/2021: \href{https://en.wikipedia.org/wiki/Tensor_product}{Enllaç}]},
}

@Misc{wiki:NOT_gate,
	author = {Wikipedia},
	title = {Inverter (logic gate)},
	year = {2021},
	note = {[Online; accedit en 04/10/2021: \href{https://en.wikipedia.org/wiki/Inverter_(logic_gate)}{Enllaç}]},
}

@Misc{wiki:utf8,
	author = {Wikipedia},
	title = {{UTF-8}},
	year = {2021},
	note = {[Online; accedit en 19/09/2021: \href{https://en.wikipedia.org/wiki/UTF-8}{Enllaç}]},
}

@Misc{this_person_does_not_exist,
	author = {lucidrains},
	title = {This person does not exist},
	year = {2021},
	note = {[Online; accedit en 26/10/2021: \href{https://thispersondoesnotexist.com/}{Enllaç}]},
}

@misc{tensorflow2015-whitepaper,
	title={ {TensorFlow}: Large-Scale Machine Learning on Heterogeneous Systems},
	url={https://www.tensorflow.org/},
	note={Software disponible a \href{tensorflow.org}{tensorflow.org}},
	author={ Mart\'{\i}n~Abadi and Ashish~Agarwal and Paul~Barham and Eugene~Brevdo and Zhifeng~Chen and Craig~Citro and Greg~S.~Corrado and Andy~Davis and Jeffrey~Dean and Matthieu~Devin and Sanjay~Ghemawat and Ian~Goodfellow and Andrew~Harp and Geoffrey~Irving and Michael~Isard and Yangqing Jia and Rafal~Jozefowicz and Lukasz~Kaiser and Manjunath~Kudlur and Josh~Levenberg and Dandelion~Man\'{e} and Rajat~Monga and Sherry~Moore and Derek~Murray and Chris~Olah and Mike~Schuster and Jonathon~Shlens and Benoit~Steiner and Ilya~Sutskever and Kunal~Talwar and Paul~Tucker and Vincent~Vanhoucke and Vijay~Vasudevan and Fernanda~Vi\'{e}gas and Oriol~Vinyals and Pete~Warden and Martin~Wattenberg and Martin~Wicke and Yuan~Yu and Xiaoqiang~Zheng},
	year={2015},
}

@incollection{pytorch_2019,
	title = {PyTorch: An Imperative Style, High-Performance Deep Learning Library},
	author = {Paszke, Adam and Gross, Sam and Massa, Francisco and Lerer, Adam and Bradbury, James and Chanan, Gregory and Killeen, Trevor and Lin, Zeming and Gimelshein, Natalia and Antiga, Luca and Desmaison, Alban and Kopf, Andreas and Yang, Edward and DeVito, Zachary and Raison, Martin and Tejani, Alykhan and Chilamkurthy, Sasank and Steiner, Benoit and Fang, Lu and Bai, Junjie and Chintala, Soumith},
	booktitle = {Advances in Neural Information Processing Systems 32},
	pages = {8024--8035},
	year = {2019},
	publisher = {Curran Associates, Inc.},
	url = {http://papers.neurips.cc/paper/9015-pytorch-an-imperative-style-high-performance-deep-learning-library.pdf}
}


@article{tfq,
	title={{TensorFlow Quantum}: A Software Framework for Quantum Machine Learning}, 
	author={Michael Broughton and Guillaume Verdon and Trevor McCourt and Antonio J. Martinez and Jae Hyeon Yoo and Sergei V. Isakov and Philip Massey and Ramin Halavati and Murphy Yuezhen Niu and Alexander Zlokapa and Evan Peters and Owen Lockwood and Andrea Skolik and Sofiene Jerbi and Vedran Dunjko and Martin Leib and Michael Streif and David Von Dollen and Hongxiang Chen and Shuxiang Cao and Roeland Wiersema and Hsin-Yuan Huang and Jarrod R. McClean and Ryan Babbush and Sergio Boixo and Dave Bacon and Alan K. Ho and Hartmut Neven and Masoud Mohseni},
	year={2021},
	eprint={2003.02989},
	archivePrefix={arXiv},
	primaryClass={quant-ph},
	note={[Online; accedit en 19/09/2021: \href{https://arxiv.org/abs/2003.02989}{Enllaç}]}
}

@article{shift_parameter_harrow_2019,
	title={Low-Depth Gradient Measurements Can Improve Convergence in Variational Hybrid Quantum-Classical Algorithms},
	volume={126},
	ISSN={1079-7114},
	url={http://dx.doi.org/10.1103/PhysRevLett.126.140502},
	DOI={10.1103/physrevlett.126.140502},
	number={14},
	journal={Physical Review Letters},
	publisher={American Physical Society (APS)},
	author={Harrow, Aram W. and Napp, John C.},
	year={2021},
	month={Apr}
}

@article{GAN2014,
	title={Generative Adversarial Networks}, 
	author={Ian J. Goodfellow and Jean Pouget-Abadie and Mehdi Mirza and Bing Xu and David Warde-Farley and Sherjil Ozair and Aaron Courville and Yoshua Bengio},
	year={2014},
	eprint={1406.2661},
	archivePrefix={arXiv},
	primaryClass={stat.ML},
	note={[Online; accedit en 19/09/2021: \href{https://arxiv.org/abs/1406.2661}{Enllaç}]}
}

@article{styleGAN,
	title={Analyzing and Improving the Image Quality of StyleGAN}, 
	author={Tero Karras and Samuli Laine and Miika Aittala and Janne Hellsten and Jaakko Lehtinen and Timo Aila},
	year={2020},
	eprint={1912.04958},
	archivePrefix={arXiv},
	primaryClass={cs.CV},
	note={[Online; accedit en 26/10/2021: \href{https://arxiv.org/abs/1912.04958}{Enllaç}]}
}

@article{QSVM_2019,
	title={Supervised learning with quantum-enhanced feature spaces},
	volume={567},
	ISSN={1476-4687},
	url={http://dx.doi.org/10.1038/s41586-019-0980-2},
	DOI={10.1038/s41586-019-0980-2},
	number={7747},
	journal={Nature},
	publisher={Springer Science and Business Media LLC},
	author={Havlíček, Vojtěch and Córcoles, Antonio D. and Temme, Kristan and Harrow, Aram W. and Kandala, Abhinav and Chow, Jerry M. and Gambetta, Jay M.},
	year={2019},
	pages={209–212}
}


@article{QSVM_xanadu_2019,
	title={Quantum Machine Learning in Feature Hilbert Spaces},
	volume={122},
	ISSN={1079-7114},
	url={http://dx.doi.org/10.1103/PhysRevLett.122.040504},
	DOI={10.1103/physrevlett.122.040504},
	number={4},
	journal={Physical Review Letters},
	publisher={American Physical Society (APS)},
	author={Schuld, Maria and Killoran, Nathan},
	year={2019},
}

@article{Q_linear_regression_xanadu,
	title={Prediction by linear regression on a quantum computer},
	volume={94},
	ISSN={2469-9934},
	url={http://dx.doi.org/10.1103/PhysRevA.94.022342},
	DOI={10.1103/physreva.94.022342},
	number={2},
	journal={Physical Review A},
	publisher={American Physical Society (APS)},
	author={Schuld, Maria and Sinayskiy, Ilya and Petruccione, Francesco},
	year={2016}
}

@article{adam,
	title={Adam: A Method for Stochastic Optimization}, 
	author={Diederik P. Kingma and Jimmy Ba},
	year={2017},
	eprint={1412.6980},
	archivePrefix={arXiv},
	primaryClass={cs.LG},
	note = {[Online; accedit en 26/10/2021: \href{https://arxiv.org/abs/1412.6980}{Enllaç}]},
}

@article{cao2017quantum,
	title={Quantum Neuron: an elementary building block for machine learning on quantum computers}, 
	author={Yudong Cao and Gian Giacomo Guerreschi and Alán Aspuru-Guzik},
	year={2017},
	eprint={1711.11240},
	archivePrefix={arXiv},
	primaryClass={quant-ph},
	note = {[Online; accedit en 6/11/2021: \href{https://arxiv.org/abs/1711.11240}{Enllaç}]},
}

@article{romero2019variational,
	title={Variational quantum generators: Generative adversarial quantum machine learning for continuous distributions}, 
	author={Jonathan Romero and Alan Aspuru-Guzik},
	year={2019},
	eprint={1901.00848},
	archivePrefix={arXiv},
	primaryClass={quant-ph},
	note = {[Online; accedit en 6/11/2021: \href{https://arxiv.org/abs/1901.00848}{Enllaç}]},
}

@INPROCEEDINGS{CNN,
	author={Albawi, Saad and Mohammed, Tareq Abed and Al-Zawi, Saad},
	booktitle={2017 International Conference on Engineering and Technology (ICET)}, 
	title={Understanding of a convolutional neural network}, 
	year={2017},
	pages={1-6},
	doi={10.1109/ICEngTechnol.2017.8308186}}

@article{cong2019convolucional,
	title={Quantum convolutional neural networks},
	volume={15},
	ISSN={1745-2481},
	url={http://dx.doi.org/10.1038/s41567-019-0648-8},
	DOI={10.1038/s41567-019-0648-8},
	number={12},
	journal={Nature Physics},
	publisher={Springer Science and Business Media LLC},
	author={Cong, Iris and Choi, Soonwon and Lukin, Mikhail D.},
	year={2019},
	month={Aug},
	pages={1273–1278}
}


@article{Grover_96,
	title={A fast quantum mechanical algorithm for database search},
	author={Grover, Lov K},
	journal={Proceedings of the twenty-eighth annual ACM symposium on Theory of computing},
	pages={212--219},
	year={1996},
	note={[Online; accedit en 05/10/2021: \href{https://arxiv.org/abs/quant-ph/9605043}{Enllaç}]}
}

@article{Shor_97,
	title={Polynomial-Time Algorithms for Prime Factorization and Discrete Logarithms on a Quantum Computer},
	volume={26},
	ISSN={1095-7111},
	url={http://dx.doi.org/10.1137/S0097539795293172},
	DOI={10.1137/s0097539795293172},
	number={5},
	journal={SIAM Journal on Computing},
	publisher={Society for Industrial & Applied Mathematics (SIAM)},
	author={Shor, Peter W.},
	year={1997},
	month={Oct},
	pages={1484–1509},
	note={[Online; accedit en 02/01/2022: \href{https://arxiv.org/abs/quant-ph/9508027.pdf}{Enllaç}]}
}

@article{RSA,
	author = {Rivest, R. L. and Shamir, A. and Adleman, L.},
	title = {A Method for Obtaining Digital Signatures and Public-Key Cryptosystems},
	year = {1978},
	publisher = {Association for Computing Machinery},
	volume = {21},
	number = {2},
	doi = {10.1145/359340.359342},
	journal = {Commun. ACM},
	pages = {120–126}
}

@article{21_factoritzation,
	title={Experimental realization of Shor’s quantum factoring algorithm using qubit recycling},
	volume={6},
	ISSN={1749-4893},
	DOI={10.1038/nphoton.2012.259},
	number={11},
	journal={Nature Photonics},
	author={Martín-López, Enrique and Laing, Anthony and Lawson, Thomas and Alvarez, Roberto and Zhou, Xiao-Qi and O’Brien, Jeremy L.},
	year={2012},
	pages={773–776},
	note={[Online; accedit en 06/01/2022: \href{https://arxiv.org/abs/1111.4147}{Enllaç}]}
}


@article{Liu_2021,
	title={Hybrid quantum-classical convolutional neural networks},
	volume={64},
	ISSN={1869-1927},
	url={http://dx.doi.org/10.1007/s11433-021-1734-3},
	DOI={10.1007/s11433-021-1734-3},
	number={9},
	journal={Science China Physics, Mechanics & Astronomy},
	publisher={Springer Science and Business Media LLC},
	author={Liu, Junhua and Lim, Kwan Hui and Wood, Kristin L. and Huang, Wei and Guo, Chu and Huang, He-Liang},
	year={2021},
	note={[Online; accedit en 19/09/2021: \href{https://arxiv.org/abs/1911.02998}{Enllaç}]}
}

@article{QGAN_exp,
	title={Experimental Quantum Generative Adversarial Networks for Image Generation},
	volume={16},
	ISSN={2331-7019},
	url={http://dx.doi.org/10.1103/PhysRevApplied.16.024051},
	DOI={10.1103/physrevapplied.16.024051},
	number={2},
	journal={Physical Review Applied},
	publisher={American Physical Society (APS)},
	author={Huang, He-Liang and Du, Yuxuan and Gong, Ming and Zhao, Youwei and Wu, Yulin and Wang, Chaoyue and Li, Shaowei and Liang, Futian and Lin, Jin and Xu, Yu and et al.},
	year={2021},
	note={[Online; accedit en 19/09/2021: \href{https://arxiv.org/abs/2010.06201}{Enllaç}]}
}

@article{QGAN_IBM,
	title={Quantum Generative Adversarial Networks for learning and loading random distributions},
	volume={5},
	url={https://doi.org/10.1038/s41534-019-0223-2},
	DOI={10.1038/s41534-019-0223-2},
	number={103},
	journal={npj Quantum Information},
	author={Zoufal, Christa and Lucchi, Aurélien and Woerner, Stefan},
	year={2019},
	note={[Online; accedit en 01/11/2021: \href{https://arxiv.org/abs/1904.00043}{Enllaç}]}
}

@article{qgan_2020_china,
	title={Quantum generative adversarial network for generating discrete distribution},
	volume={538},
	ISSN={0020-0255},
	url={http://dx.doi.org/10.1016/j.ins.2020.05.127},
	DOI={10.1016/j.ins.2020.05.127},
	journal={Information Sciences},
	publisher={Elsevier BV},
	author={Situ, Haozhen and He, Zhimin and Wang, Yuyi and Li, Lvzhou and Zheng, Shenggen},
	year={2020},
	month={Oct},
	pages={193–208}
}

@article{xanadu_QGAN_2018,
	title={Quantum generative adversarial networks},
	volume={98},
	ISSN={2469-9934},
	url={http://dx.doi.org/10.1103/PhysRevA.98.012324},
	DOI={10.1103/physreva.98.012324},
	number={1},
	journal={Physical Review A},
	publisher={American Physical Society (APS)},
	author={Dallaire-Demers, Pierre-Luc and Killoran, Nathan},
	year={2018},
	month={Jul}
}

@article{schuld:2014,
	author={Maria Schuld and Ilya Sinayskiy and Francesco Petruccione},
	year={2014},
	title = {The quest for a Quantum Neural Network},
	publisher={Springer},
	journal={Quantum Information Processing},
	volume={13},
	pages={2567–2586},
	note={[Online; accedit en 19/09/2021: \href{https://arxiv.org/abs/1408.7005}{Enllaç}]}
}

@article{sd_score,
	title={On Accurate Evaluation of GANs for Language Generation}, 
	author={Stanislau Semeniuta and Aliaksei Severyn and Sylvain Gelly},
	year={2019},
	eprint={1806.04936},
	archivePrefix={arXiv},
	primaryClass={cs.CL},
	note={[Online; accedit en 19/09/2021: \href{https://arxiv.org/abs/1806.04936}{Enllaç}]}
}

@InBook{LR_done_right:linear_map,
	author = {Sheldon Axler},
	title = {Linear Algebra Done Right},
	chapter = {3},
	publisher = {Springer},
	year = {1997},
	edition = {2},
	pages = {37-58},
}

@InBook{LR_done_right:matrix,
	author = {Sheldon Axler},
	title = {Linear Algebra Done Right},
	chapter = {3},
	publisher = {Springer},
	year = {1997},
	edition = {2},
	pages = {48-52},
}


@Book{QCandQI,
	author = {Michael A. Nielsen and Isaac L. Chuang},
	title = {Quantum Computation and Quantum Information},
	publisher = {Cambrindge University Press},
	year = {2010},
	edition = {10},
}

@Book{QC_intro,
	author = {Eleanor Rieffel and Wolfgang Polak},
	title = {Quantum Computing: A Gentle Introduction},
	publisher = {MIT Press},
	year = {2011},
	edition = {1},
}

@InBook{QT_concepts:q_systems,
	author = {Asher Peres},
	title = {Quantum Theory: Concepts and Methods},
	chapter = {2},
	publisher = {Kluwer Academic Publishers},
	year = {2002},
	pages = {24-29},
}

@InBook{QCandQI:intro,
	author = {Michael A. Nielsen and Isaac L. Chuang},
	title = {Quantum Computation and Quantum Information},
	chapter = {1},
	publisher = {Cambrindge University Press},
	year = {2010},
	edition = {10},
	pages = {2-36},
}

@InBook{QC_intro:photon,
	author = {Eleanor Rieffel and Wolfgang Polak},
	title = {Quantum Computing: A Gentle Introduction},
	publisher = {MIT Press},
	year = {2011},
	edition = {1},
	chapter = {2},
	pages = {12-13}
}

@InBook{QC_intro:example_partial,
	author = {Eleanor Rieffel and Wolfgang Polak},
	title = {Quantum Computing: A Gentle Introduction},
	publisher = {MIT Press},
	year = {2011},
	edition = {1},
	chapter = {10},
	pages = {212-213}
}

@InBook{QCandQI:example_partial,
	author = {Michael A. Nielsen and Isaac L. Chuang},
	title = {Quantum Computation and Quantum Information},
	chapter = {2},
	publisher = {Cambrindge University Press},
	year = {2010},
	edition = {10},
	pages = {105-106},
}

@InBook{QCandQI:GramSchmidt,
	author = {Michael A. Nielsen and Isaac L. Chuang},
	title = {Quantum Computation and Quantum Information},
	chapter = {2},
	publisher = {Cambrindge University Press},
	year = {2010},
	edition = {10},
	pages = {66},
}

@InBook{QCandQI:density_matrix,
	author = {Michael A. Nielsen and Isaac L. Chuang},
	title = {Quantum Computation and Quantum Information},
	chapter = {2},
	publisher = {Cambrindge University Press},
	year = {2010},
	edition = {10},
	pages = {99},
}

@InBook{QCandQI:partial_trace,
	author = {Michael A. Nielsen and Isaac L. Chuang},
	title = {Quantum Computation and Quantum Information},
	chapter = {2},
	publisher = {Cambrindge University Press},
	year = {2010},
	edition = {10},
	pages = {105},
} 


@InBook{QCandQI:dirac_notation,
	author = {Michael A. Nielsen and Isaac L. Chuang},
	title = {Quantum Computation and Quantum Information},
	chapter = {2},
	publisher = {Cambrindge University Press},
	year = {2010},
	edition = {10},
	pages = {62},
}

@InBook{QCandQI:tensor_product,
	author = {Michael A. Nielsen and Isaac L. Chuang},
	title = {Quantum Computation and Quantum Information},
	chapter = {2},
	publisher = {Cambrindge University Press},
	year = {2010},
	edition = {10},
	pages = {73},
}

@InBook{QCandQI:kronecker,
	author = {Michael A. Nielsen and Isaac L. Chuang},
	title = {Quantum Computation and Quantum Information},
	chapter = {2},
	publisher = {Cambrindge University Press},
	year = {2010},
	edition = {10},
	pages = {74},
}

@InBook{QCandQI:QM_postulates,
	author = {Michael A. Nielsen and Isaac L. Chuang},
	title = {Quantum Computation and Quantum Information},
	chapter = {2},
	publisher = {Cambrindge University Press},
	year = {2010},
	edition = {10},
	pages = {80-96},
}

@InBook{IntroQM:normalizing,
	author = {David J. Griffiths},
	title = {Introduction to Quantum Mechanics},
	chapter = {1},
	publisher = {Prentice Hall},
	year = {1995},
	pages = {11-12},
}

@software{cirq,
author       = {Cirq Developers},
title        = {Cirq},
month        = aug,
year         = 2021,
note         = {{See full list of authors on Github: https://github 
.com/quantumlib/Cirq/graphs/contributors}},
publisher    = {Zenodo},
version      = {v0.12.0},
doi          = {10.5281/zenodo.5182845},
url          = {https://doi.org/10.5281/zenodo.5182845}
}

@misc{qiskit,
author = {Qiskit Developers},
title = {Qiskit: An Open-source Framework for Quantum Computing},
year = {2021},
doi = {10.5281/zenodo.2573505}
}

@article{pytorch,
title={Automatic differentiation in PyTorch},
author={Paszke, Adam and Gross, Sam and Chintala, Soumith and Chanan, Gregory and Yang, Edward and DeVito, Zachary and Lin, Zeming and Desmaison, Alban and Antiga, Luca and Lerer, Adam},
year={2017}
}


